@misc{website:sac,
	author = "SAC-Home",
	title = "Homepage of the SAC project",
	month = "May",
	year = "2015",
	url = "http://www.sac-home.org/"
},
@phdthesis{lattner2002llvm,
	title={LLVM: An infrastructure for multi-stage optimization},
	author={Lattner, Chris Arthur},
	year={2002},
	school={University of Illinois at Urbana-Champaign}
},
@book{book:schreiner,
	author    = "Schreiner, Axel-Tobias",
	title     = "Object-Oriented Programming With ANSI-C",
	publisher = "Hanser",
	year      = "1993",
},
@article{Meyerovich2013,
	author = {Meyerovich, Leo A. and Rabkin, Ariel S.},
	title = {Empirical Analysis of Programming Language Adoption},
	journal = {SIGPLAN Not.},
	issue_date = {October 2013},
	volume = {48},
	number = {10},
	month = oct,
	year = {2013},
	issn = {0362-1340},
	pages = {1--18},
	numpages = {18},
	url = {http://doi.acm.org/10.1145/2544173.2509515},
	doi = {10.1145/2544173.2509515},
	acmid = {2509515},
	publisher = {ACM},
	address = {New York, NY, USA},
	keywords = {programming language adoption, survey research},
},
@article{Hanenberg2014,
	year={2014},
	issn={1382-3256},
	journal={Empirical Software Engineering},
	volume={19},
	number={5},
	doi={10.1007/s10664-013-9289-1},
	title={An empirical study on the impact of static typing on software maintainability},
	url={http://dx.doi.org/10.1007/s10664-013-9289-1},
	publisher={Springer US},
	keywords={Type systems; Programming languages; Empirical studies; Software engineering},
	author={Hanenberg, Stefan and Kleinschmager, Sebastian and Robbes, Romain and Tanter, Eric and Stefik, Andreas},
	pages={1335-1382},
	language={English}
},
@inproceedings{Ray2014,
	author = {Ray, Baishakhi and Posnett, Daryl and Filkov, Vladimir and Devanbu, Premkumar},
	title = {A Large Scale Study of Programming Languages and Code Quality in Github},
	booktitle = {Proceedings of the 22Nd ACM SIGSOFT International Symposium on Foundations of Software Engineering},
	series = {FSE 2014},
	year = {2014},
	isbn = {978-1-4503-3056-5},
	location = {Hong Kong, China},
	pages = {155--165},
	numpages = {11},
	url = {http://doi.acm.org/10.1145/2635868.2635922},
	doi = {10.1145/2635868.2635922},
	acmid = {2635922},
	publisher = {ACM},
	address = {New York, NY, USA},
	keywords = {bug fix, code quality, empirical research, programming language, regression analysis, software domain, type system},
},
@article{Nanz2014,
	author = {{Nanz}, S. and {Furia}, C.~A.},
	title = "{A Comparative Study of Programming Languages in Rosetta Code}",
	journal = {ArXiv e-prints},
	archivePrefix = "arXiv",
	eprint = {1409.0252},
	primaryClass = "cs.SE",
	keywords = {Computer Science - Software Engineering},
	year = 2014,
	month = aug,
	adsurl = {http://adsabs.harvard.edu/abs/2014arXiv1409.0252N},
	adsnote = {Provided by the SAO/NASA Astrophysics Data System}
},
@article{nordberg1996,
	title={Variations on the visitor pattern},
	author={Nordberg III, Martin E},
	journal={Ann Arbor},
	volume={1001},
	pages={48108},
	year={1996}
},
@book{gof1994,
	title={Design patterns: elements of reusable object-oriented software},
	author={Gamma, Erich and Helm, Richard and Johnson, Ralph and Vlissides, John},
	year={1994},
	publisher={Pearson Education}
},
@inproceedings{palsberg1998essence,
	title={The essence of the visitor pattern},
	author={Palsberg, Jens and Jay, C Barry},
	booktitle={Computer Software and Applications Conference, 1998. COMPSAC'98. Proceedings. The Twenty-Second Annual International},
	pages={9--15},
	year={1998},
	organization={IEEE}
},
@incollection{bishop2008efficiency,
	title={On the efficiency of design patterns implemented in C\# 3.0},
	author={Bishop, Judith and Horspool, R Nigel},
	booktitle={Objects, Components, Models and Patterns},
	pages={356--371},
	year={2008},
	publisher={Springer}
},
@book{schildt2010c,
	title={C\# 4.0: The complete reference},
	author={Schildt, Herbert},
	year={2010},
	publisher={McGraw-Hill}
},
@misc{website:msdn-reflection,
	author = "Joel Pobar",
	title = "Dodge Common Performance Pitfalls to Craft Speedy Applications",
	year = "2005",
	url = "https://msdn.microsoft.com/en-us/magazine/cc163759.aspx"
},
@misc{website:antlr4,
	title = "ANTLR v4",
	year = "2015",
	url = "http://www.antlr.org/"
},
@misc{website:java-generics,
	author = "Jonathan Pryor",
	title = "Comparing Java and C\# Generics",
	year = "2007",
	url = "http://www.jprl.com/Blog/archive/development/2007/Aug-31.html"
},
@misc{wong1998method,
	title={Method and apparatus for generating an initial estimate for a floating point reciprocal of a square root},
	author={Wong, R.S. and Fung, H.T.},
	url={https://www.google.com/patents/US5847979},
	year={1998},
	month=dec # "~8",
	publisher={Google Patents},
	note={US Patent 5,847,979}
},
@inproceedings{nguyen2007sloc,
	title={A SLOC counting standard},
	author={Nguyen, Vu and Deeds-Rubin, Sophia and Tan, Thomas and Boehm, Barry},
	booktitle={COCOMO II Forum},
	volume={2007},
	year={2007}
},
@incollection{polyglot,
	year={2003},
	isbn={978-3-540-00904-7},
	booktitle={Compiler Construction},
	volume={2622},
	series={Lecture Notes in Computer Science},
	editor={Hedin, GÃ¶rel},
	doi={10.1007/3-540-36579-6_11},
	title={Polyglot: An Extensible Compiler Framework for Java},
	url={http://dx.doi.org/10.1007/3-540-36579-6_11},
	publisher={Springer Berlin Heidelberg},
	author={Nystrom, Nathaniel and Clarkson, MichaelR. and Myers, AndrewC.},
	pages={138-152},
	language={English}
}